##### Vocabuario comum
@article{wordnet,
	title={WordNet: a lexical database for English},
	author={Miller, George A},
	journal={Communications of the ACM},
	volume={38},
	number={11},
	pages={39--41},
	year={1995},
	publisher={ACM}
}
@article{petrov,
	title={A universal part-of-speech tagset},
	author={Petrov, Slav and Das, Dipanjan and McDonald, Ryan},
	journal={arXiv preprint arXiv:1104.2086},
	year={2011}
}

@misc{ kolm,
	author = "Wikipedia",
	title = "Kolmogorov–Smirnov test --- Wikipedia{,} The Free Encyclopedia",
	year = "2015",
	url = "\url{https://en.wikipedia.org/w/index.php?title=Kolmogorov%E2%80%93Smirnov_test&oldid=682456076}",
	note = "[Online; accessed 26-September-2015]"
}

@book{easley,
  title={Networks, crowds, and markets: Reasoning about a highly connected world},
  author={Easley, David and Kleinberg, Jon},
  year={2010},
  publisher={Cambridge University Press}
}
@article{Deborah,
  title={Do bullying ao preconceito: os desafios da barb{\'a}rie {\`a} educa{\c{c}}{\~a}o},
  author={Antunes, Deborah Christina and Zuin, Antonio AS and others},
  journal={Psicologia \& Sociedade},
  volume={20},
  number={1},
  pages={33--42},
  year={2008},
  publisher={SciELO Brasil}
}

@article{GMANE,
  title={Construction of the Gmane corpus for examining the diffusion of lexical innovations},
  author={Marek-Spartz, Kyle and Chesley, Paula and Sande, Hannah},
  year={2012}
}


@article{ensaio,
  title={Ensaio sobre o Auto-Aproveitamento: um relato de investidas naturais na participa$\backslash$ c $\{$c$\}$$\backslash$\~{} ao social},
  author={Fabbri, Renato},
  journal={arXiv preprint arXiv:1412.6868},
  year={2014}
}
@article{pbr,
  title={Influ{\^e}ncia dos movimentos sociais na forma{\c{c}}{\~a}o da agenda pol{\'\i}tica: as jornadas de junho de 2013 no brasil.},
  author={Cavalcante, Rebeka Pereira},
  year={2014}
}

@book{nltkBook,
  title={Natural language processing with Python},
  author={Bird, Steven and Klein, Ewan and Loper, Edward},
  year={2009},
  publisher={" O'Reilly Media, Inc."}
}

@ONLINE{evoSN,                                                           
    author = {R. Fabbri et al.},                                       
    title = {Temporal stability in human interaction networks: sector sizes, topological prominence and activity along diverse timescales
},
    journal = {arXiv (not latest)},                                    
    year = {2014},
    month = {May},                                                     
    publisher = {Sourceforge git repo},                                
    note={\url{http://sourceforge.net/p/labmacambira/fimDoMundo/ci/master/tree/textos/evolutionSN/paper.pdf?format=raw}} 
}
@article{OPS,
    title = {Ontologia de Participação Social},
  note = {\url{http://tinyurl.com/p2doueu}}
}
@manual{pnud5,
    title = {Produto 5 da consultoria PNUD/ONU de Renato Fabbri},
    note = {\url{https://github.com/ttm/pnud4/blob/master/latex/produto.pdf?raw=true}}
}

@misc{letrasMachado,
  title={Incidência de letras na obra de Machado de Assis},
  author={Renato Fabbri},
  journal={(online)},
  note={\url{http://sourceforge.net/p/labmacambira/rcpln/ci/master/tree/pln/trabLetras/resumoLetras.pdf?format=raw}},
  year={2012}
}


@misc{metodologia,
  title={Metodologia de trabalho comentada e publicada!},
  author={Rodrigo Bandeira de Luna},
  journal={(online)},
  year={2013}
}
@misc{conceptualMod,
  title={Modelagem Conceitual Publicada! versão 0.1 em linguagem natural},
  author={Dalton Martins, Frederico Bortolato, Henrique Parra Parra Filho, Isis Lima Soares, Ricardo Augusto Poppi Martins e Rodrigo Bandeira de Luna},
  journal={(online)},
  year={2013}
}

@misc{wordLists,
  title = {Large English Vocabulary Word Lists},
  howpublished = {\url{http://www.manythings.org/vocabulary/lists/l/}},
  note = {Accessed: 2013-11-15}
}



@misc{etherpads,
  title = {Etherpads used in elaboration of the Comon Vocabulary of Social Participation},
  howpublished = {\url{http://corais.org/vocabulariodaparticipacao/texts}},
  note = {Accessed: 2013-11-06}
}

@misc{owlStd,
  title = {Common Vocabulary of Social Participation with standard class and property names},
  howpublished = {\url{http://webprotege.stanford.edu/#Edit:projectId=716e3e1d-0783-42d7-8ddd-aa2f8b53bed8}},
  note = {Accessed: 2013-11-06}
}


@misc{owlCC,
  title = {Complete OWL implementation of the Common Vocabulary of Social Participation with standard class and property names and with missing classes, properties and restrictions. OWL text file.},
  howpublished = {\url{http://webprotege.stanford.edu/#Edit:projectId=3becd68f-8f35-48a7-a287-f1a32b37b7c4}},
  note = {Accessed: 2013-11-06}
}



@misc{owlCCPtg,
  title = {Complete OWL implementation of the Common Vocabulary of Social Participation with standard class and property names and with missing classes, properties and restrictions. Webprotege interface to the ontology.},
  howpublished = {\url{http://webprotege.stanford.edu/#Edit:projectId=3becd68f-8f35-48a7-a287-f1a32b37b7c4}},
  note = {Accessed: 2013-11-06}
}

@article{bfo,
  title={Function, role, and disposition in basic formal ontology},
  author={Arp, Robert and Smith, Barry},
  journal={Nature Preceedings},
  pages={1--4},
  year={2008},
  publisher={Citeseer}
}


@article{protege,
  title={Review of Protege and Protege-OWL},
  author={Horridge, Matthew},
  journal={Ontogenesis},
  year={2010}
}


@misc{owlExp,
  title = {Complete OWL implementation of the Common Vocabulary of Social Participation with standard class and property names and with missing classes, properties and restrictions},
  howpublished = {\url{http://webprotege.stanford.edu/#Edit:projectId=3cd4408b-5d6c-4b73-a19b-e79b8545b441}},
  note = {Accessed: 2013-11-06}
}




# Governo eletronico
@article{socMed,
  title={E-Government and Social Media Sites: The Role and Impact},
  author={Khasawneh, Rawan T and Abu, EA},
  journal={World Journal of Computer Application and Technology},
  volume={1},
  pages={10--17},
  year={2013}
}

@inproceedings{pita2010arquitetura,
  title={Arquitetura de Busca Sem{\^a}ntica para Governo Eletr{\^o}nico},
  author={Pita, Marcelo and Paixao, Goedson},
  booktitle={II Workshop de Computa{\c{c}}{\~a}o Aplicada em Governo Eletr{\^o}nico \& Congresso da Sociedade Brasileira de Computa{\c{c}}{\~a}o, Belo Horizonte},
  year={2010}
}

@article{barros2010alem,
  title={Para al{\'e}m da e-Ping: o desenvolvimento de uma Plataforma de Interoperabilidade para e-Servi{\c{c}}os no Brasil},
  author={Barros, Alejandro and CANABARRO, Diego Rafael and CEPIK, Marco},
  journal={Panorama da Interoperabilidade. Bras{\'\i}lia: Minist{\'e}rio do Planejamento, Or{\c{c}}amento e Gest{\~a}o},
  pages={137--157},
  year={2010}
}


@misc{organization,
  title = {The Organization Ontology},
  howpublished = {\url{http://www.w3.org/TR/vocab-org/}},
  note = {Accessed: 2013-10-21}
}

@article{ontPubSer,
  title={An ontology for e-government public services},
  author={Vassilakis, Costas and Lepouras, George},
  journal={Encyclopedia of E-Commerce, E-Government and Mobile Commerce},
  pages={865--870},
  year={2006}
}

@inproceedings{odEGov,
  title={Ontology driven e-government},
  author={Salhofer, Peter and Stadlhofer, Bernd and Tretter, Gerald},
  booktitle={Software Engineering Advances, 2009. ICSEA'09. Fourth International Conference on},
  pages={378--383},
  year={2009},
  organization={IEEE}
}

@misc{eping,
  title = {e-PING Homepage},
  howpublished = {\url{http://www.governoeletronico.gov.br/acoes-e-projetos/e-ping-padroes-de-interoperabilidade}},
  note = {Accessed: 2013-10-21}
}

@misc{vcge,
  title = {Vocabul\'ario Controlado do Governo Eletro\^nico},
  howpublished = {\url{http://www.governoeletronico.gov.br/acoes-e-projetos/e-ping-padroes-de-interoperabilidade}},
  note = {Accessed: 2013-10-21}
}

@misc{corais,
  title = {Vocabul\'ario Comum de Participa\c{c}\~ao Social},
  howpublished = {\url{http://corais.org/vocabulariodaparticipacao}},
  note = {Accessed: 2013-10-21}
}

@misc{inda,
  title = {GTINDA: Grupo de Trabalho da Infraestrutura Nacional de Dados Abertos},
  howpublished = {\url{http://wiki.gtinda.ibge.gov.br/}},
  note = {Accessed: 2013-10-21}
}

@article{knowledge,
  title={Knowledge Exploitation via Ontology Development in e-Government Project Management},
  author={Sarantis, Demetrios and Askounis, Dimitris},
  journal={International Journal of Digital Society},
  volume={1},
  number={4},
  pages={246--255},
  year={2010}
}

@article{odEGov2,
  title={Ontology-based model of e-governance},
  author={Deliyska, Boryana and Ilieva, Roumiana},
  journal={Annual of Section Informatics of the Union of Bulgarian Scientists},
  volume={4},
  pages={103--19},
  year={2011}
}

#########################3
# OWL
@misc{owl1,
  title={A practical guide to building OWL Ontologies Using Proteg{\'e} 4 and CO-ODE Tools. Edition 1.2. The University of Manchester},
  author={Horridge, Matthew and Jupp, S and Moulton, G and Rector, A and Stevens, R and Wroe, С},
  year={2011}
}

@misc{ingl,
  title={Ontologia inglesa proposta como formalizacao publica das responsabilidades de cada funcionatio publico},
  author={Horridge, Matthew and Jupp, S and Moulton, G and Rector, A and Stevens, R and Wroe, С},
  year={2011}
}
%@online{eping,
%  author = {Ministry of Planning / Brazilian Federal Government},
%  title = {e-PING homepage},
%  year = 2013,
%  url = {http://www.governoeletronico.gov.br/acoes-e-projetos/e-ping-padroes-de-interoperabilidade},
%  urldate = {2013-10-21}
%}



#########################
# BARABASI


@article{barabasiHumanDyn,
    title={Modeling bursts and heavy tails in human dynamics},
    author={V{\'a}zquez, Alexei and Oliveira, Jo{\~a}o Gama and Dezs{\"o}, Zolt{\'a}n and Goh, Kwang-Il and Kondor, Imre and Barab{\'a}si, Albert-L{\'a}szl{\'o}},
    journal={Physical Review E},
    volume={73},
    number={3},
    pages={036127},
    year={2006},
    publisher={APS}
}


@article{barabasiGeo,
    title={Geographic constraints on social network groups},
    author={Onnela, Jukka-Pekka and Arbesman, Samuel and Gonz{\'a}lez, Marta C and Barab{\'a}si, Albert-L{\'a}szl{\'o} and Christakis, Nicholas A},
    journal={PLoS one},
    volume={6},
    number={4},
    pages={e16939},
    year={2011},
    publisher={Public Library of Science}
}

@article{barabasiEvo,
    title={Quantifying social group evolution},
    author={Palla, Gergely and Barab{\'a}si, Albert-L{\'a}szl{\'o} and Vicsek, Tam{\'a}s},
    journal={Nature},
    volume={446},
    number={7136},
    pages={664--667},
    year={2007},
    publisher={Nature Publishing Group}
}

@article{barabasiPhone,
    title={Uncovering individual and collective human dynamics from mobile phone records},
    author={Candia, Juli{\'a}n and Gonz{\'a}lez, Marta C and Wang, Pu and Schoenharl, Timothy and Madey, Greg and Barab{\'a}si, Albert-L{\'a}szl{\'o}},
    journal={Journal of Physics A: Mathematical and Theoretical},
    volume={41},
    number={22},
    pages={224015},
    year={2008},
    publisher={IOP Publishing}
}

@article{barabasiControlCapacity,
    title={Control Capacity and A Random Sampling Method in Exploring Controllability of Complex Networks},
    author={Jia, Tao and Barab{\'a}si, Albert-L{\'a}szl{\'o}},
    journal={Scientific reports},
    volume={3},
    year={2013},
    publisher={Nature Publishing Group}
}


@article{barabasiControlCentrality,
    title={Control centrality and hierarchical structure in complex networks},
    author={Liu, Yang-Yu and Slotine, Jean-Jacques and Barab{\'a}si, Albert-L{\'a}szl{\'o}},
    journal={Plos one},
    volume={7},
    number={9},
    pages={e44459},
    year={2012},
    publisher={Public Library of Science}
}


@article{barabasiControllability,
    title={Controllability of complex networks},
    author={Liu, Yang-Yu and Slotine, Jean-Jacques and Barab{\'a}si, Albert-L{\'a}szl{\'o}},
    journal={Nature},
    volume={473},
    number={7346},
    pages={167--173},
    year={2011},
    publisher={Nature Publishing Group}
}

@article{barabasiSex,
    title={Sex differences in intimate relationships},
    author={Palchykov, Vasyl and Kaski, Kimmo and Kert{\'e}sz, Janos and Barab{\'a}si, Albert-L{\'a}szl{\'o} and Dunbar, Robin IM},
    journal={Scientific reports},
    volume={2},
    year={2012},
    publisher={Nature Publishing Group}
}

@article{barabasiEmergencies,
    title={Collective response of human populations to large-scale emergencies},
    author={Bagrow, James P and Wang, Dashun and Barabasi, Albert-Laszlo},
    journal={PloS one},
    volume={6},
    number={3},
    pages={e17680},
    year={2011},
    publisher={Public Library of Science}
}

@article{barabasiRanking,
    title={Dynamics of Ranking Processes in Complex Systems},
    author={Ghoshal, Gourab and Blumm, Nicholas and Forro, Zalan and Schich, Maximilian and Bianconi, Ginestra and Bouchaud, Jean-Philippe and Barabasi, Albert-Laszlo},
    year={2012},
    publisher={American Physical Society}
}

@article{barabasiTopologiEv,
    title={Topology of evolving networks: local events and universality},
    author={Albert, R{\'e}ka and Barab{\'a}si, Albert-L{\'a}szl{\'o}},
    journal={Physical review letters},
    volume={85},
    number={24},
    pages={5234},
    year={2000},
    publisher={APS}
}

@article{barabasiEvWe,
    title={Weighted evolving networks},
    author={Yook, Soon-Hyung and Jeong, Hawoong and Barab{\'a}si, A-L and Tu, Yuhai},
    journal={Physical Review Letters},
    volume={86},
    number={25},
    pages={5835},
    year={2001},
    publisher={APS}
}

@inproceedings{barabasiInformation,
    title={Information spreading in context},
    author={Wang, Dashun and Wen, Zhen and Tong, Hanghang and Lin, Ching-Yung and Song, Chaoming and Barab{\'a}si, Albert-L{\'a}szl{\'o}},
    booktitle={Proceedings of the 20th international conference on World wide web},
    pages={735--744},
    year={2011},
    organization={ACM}
}

@article{barabasiRank,
    title={Dynamics of Ranking Processes in Complex Systems},
    author={Blumm, Nicholas and Ghoshal, Gourab and Forr{\'o}, Zal{\'a}n and Schich, Maximilian and Bianconi, Ginestra and Bouchaud, Jean-Philippe and Barab{\'a}si, Albert-L{\'a}szl{\'o}},
    journal={Physical Review Letters},
    volume={109},
    number={12},
    pages={128701},
    year={2012},
    publisher={APS}
}
%%%%%%%%%%%%%%%%%%%%%%%%%
% NEWMAN

@ARTICLE{newmanStru,
    author = {M. E. J. Newman},
    title = {The structure and function of complex networks},
    journal = {SIAM REVIEW},
    year = {2003},
    volume = {45},
    pages = {167--256}
}

@article{newmanRand,
    title={Random graphs with arbitrary degree distributions and their applications},
    author={Newman, Mark EJ and Strogatz, Steven H and Watts, Duncan J},
    journal={Physical Review E},
    volume={64},
    number={2},
    pages={026118},
    year={2001},
    publisher={APS}
}

@article{newmanRand2,
    title={Random graphs with clustering},
    author={Newman, Mark EJ},
    journal={Physical review letters},
    volume={103},
    number={5},
    pages={058701},
    year={2009},
    publisher={APS}
}

@article{newmanPower,
    title={Power-law distributions in empirical data},
    author={Clauset, Aaron and Shalizi, Cosma Rohilla and Newman, Mark EJ},
    journal={SIAM review},
    volume={51},
    number={4},
    pages={661--703},
    year={2009},
    publisher={SIAM}
}

@article{newmanWeight,
    title={Analysis of weighted networks},
    author={Newman, Mark EJ},
    journal={Physical Review E},
    volume={70},
    number={5},
    pages={056131},
    year={2004},
    publisher={APS}
}

@article{newmanAssortative,
    title={Assortative mixing in networks},
    author={Newman, Mark EJ},
    journal={Physical review letters},
    volume={89},
    number={20},
    pages={208701},
    year={2002},
    publisher={APS}
}

@article{newmanMadularity,
    title={Modularity and community structure in networks},
    author={Newman, Mark EJ},
    journal={Proceedings of the National Academy of Sciences},
    volume={103},
    number={23},
    pages={8577--8582},
    year={2006},
    publisher={National Acad Sciences}
}

@article{newmanCommunity2013,
    title={Community detection and graph partitioning},
    author={Newman, MEJ},
    journal={arXiv preprint arXiv:1305.4974},
    year={2013}
}

@article{newman2011communities2011,
    title={Communities, modules and large-scale structure in networks},
    author={Newman, MEJ},
    journal={Nature Physics},
    volume={8},
    number={1},
    pages={25--31},
    year={2011},
    publisher={Nature Publishing Group}
}

@article{newmanHierarchy,
    title={Hierarchical structure and the prediction of missing links in networks},
    author={Clauset, Aaron and Moore, Cristopher and Newman, Mark EJ},
    journal={Nature},
    volume={453},
    number={7191},
    pages={98--101},
    year={2008},
    publisher={Nature Publishing Group}
}

@article{newmanComplex,
    title={Complex systems: A survey},
    author={Newman, MEJ},
    journal={arXiv preprint arXiv:1112.1440},
    year={2011}
}

@article{newmanCommunityDirected,
    title={Community structure in directed networks},
    author={Leicht, Elizabeth A and Newman, Mark EJ},
    journal={Physical review letters},
    volume={100},
    number={11},
    pages={118703},
    year={2008},
    publisher={APS}
}

@article{newmanEvolving,
    title={Large-scale structure of time evolving citation networks},
    author={Leicht, Elizabeth A and Clarkson, Gavin and Shedden, Kerby and Newman, Mark EJ},
    journal={The European Physical Journal B},
    volume={59},
    number={1},
    pages={75--83},
    year={2007},
    publisher={Springer}
}


@article{newmanFriendship,
    title={Friendship networks and social status},
    author={Ball, Brian and Newman, Mark EJ},
    journal={arXiv preprint arXiv:1205.6822},
    year={2012}
}

%%%%%%%%%%%%%%%%%%%%%%%%%%%%%%%%%%%%%%%%%%
@Book{Deleuze,
  author =       {G. Deleuze},
  title =        {Difference and Repetition},
  publisher =    {Continuum},
  year =         1968,
}

@Book{Saussure,
  author =       {F. de Saussure},
  title =        {Course in General Linguistics},
  publisher =    {Books LLC},
  year =         1916,
}

@Book{Papoulis,
  author =       {A. Papoulis \and S. U. Pillai},
  title =        {Probability, Random Variables and Stochastic
                  Processes},
  publisher =    {McGraw Hill Higher Education},
  year =         2002,
}

@Book{Wichern,
  author =       {R. A. Johnson \and D. W. Wichern},
  title =        {Applied Multivariate Statistical Analysis},
  publisher =    {Prentice Hall},
  year =         2007,
}

@Book{Therrien,
  author =       {C. W. Therrien},
  title =        {Discrete Random Signals and Statistical Signal
                  Processing},
  publisher =    {Prentice Hall},
  year =         1992,
}

@Book{Duda,
  author =       {R. O. Duda \and P. E. Hart \and D. G. Stork},
  title =        {Pattern Classification},
  publisher =    {Wiley-Interscience},
  year =         2000,
}

@Book{Costa,
  author =       {L. da F. Costa \and R. M. C. Jr.},
  title =        {Shape Analysis and Classification: Theory and
                  Practice (Image Processing Series)},
  publisher =    {CRC Press},
  year =         2000,
}
% provavelmente nao irei precisar:

@Book{Papineau,
  author =       {D. Papineau},
  title =        {Philosophy},
  publisher =    {Oxford University Press},
  year =         2009,
}
% provavelmente nao irei precisar:

@Book{Russel,
  author =       {B. Russel},
  title =        {A History of Western Philosophy},
  publisher =    {Simon and Schuster Touchstone},
  year =         1967,
}
% provavelmente nao irei precisar:

@Book{Deleuze2,
  author =       {F. G. G. Deleuze},
  title =        {What Is Philosophy?},
  publisher =    {Simon and Schuster Touchstone},
  year =         1991,
}

@incollection{s1,
  title={Bootstrapping communication in language games: Strategy, topology and all that},
  author={Baronchelli, Andrea and Loreto, Vittorio and Dall'Asta, Luca and Barrat, Alain},
  booktitle={The evolution of language},
  pages={11--18},
  year={2006},
  publisher={World Scientific}
}

@inproceedings{s2,
  title={A computational framework to simulate the coevolution of language and social structure},
  author={Gong, Tao and Ke, Jinyun and Minett, James W and Wang, William SY},
  booktitle={Artificial Life IX: Proceedings of the 9th International Conference on the Simulation and Synthesis of Living Systems},
  pages={158--64},
  year={2004}
}

@article{s3,
  title={Social dynamics: Emergence of language},
  author={Loreto, Vittorio and Steels, Luc},
  journal={Nature Physics},
  volume={3},
  number={11},
  pages={758},
  year={2007},
  publisher={Nature Publishing Group}
}
@misc{s4,
  title={Language dynamics},
  author={Baronchelli, Andrea and Loreto, Vittorio and Tria, Francesca},
  year={2012},
  publisher={World Scientific}
}
@article{s5,
  title={Statistical physics of social dynamics},
  author={Castellano, Claudio and Fortunato, Santo and Loreto, Vittorio},
  journal={Reviews of modern physics},
  volume={81},
  number={2},
  pages={591},
  year={2009},
  publisher={APS}
}
@book{s6,
  title={Motivational dynamics in language learning},
  author={D{\"o}rnyei, Zolt{\'a}n and Henry, Alastair and MacIntyre, Peter D},
  volume={81},
  year={2014},
  publisher={Multilingual Matters}
}
@article{s7,
  title={Predicting language diversity with complex networks},
  author={Raducha, Tomasz and Gubiec, Tomasz},
  journal={PloS one},
  volume={13},
  number={4},
  pages={e0196593},
  year={2018},
  publisher={Public Library of Science}
}
@article{s8,
  title={Exploring development of social capital in a CMOOC through language and discourse},
  author={Joksimovi{\'c}, Sre{\'c}ko and Dowell, Nia and Poquet, Oleksandra and Kovanovi{\'c}, Vitomir and Ga{\v{s}}evi{\'c}, Dragan and Dawson, Shane and Graesser, Arthur C},
  journal={The Internet and Higher Education},
  volume={36},
  pages={54--64},
  year={2018},
  publisher={Elsevier}
}
@inproceedings{ex1,
  title={Predicting twitter user socioeconomic attributes with network and language information},
  author={Aletras, Nikolaos and Chamberlain, Benjamin Paul},
  booktitle={Proceedings of the 29th on Hypertext and Social Media},
  pages={20--24},
  year={2018},
  organization={ACM}
}
@article{ex2,
  title={Measuring the impact of spammers on e-mail and Twitter networks},
  author={Colladon, Andrea Fronzetti and Gloor, Peter A},
  journal={International Journal of Information Management},
  year={2018},
  publisher={Elsevier}
}
@article{s9,
  title={Language change and social networks},
  author={Ke, Jinyun and Gong, Tao and Wang, William SY},
  journal={Communications in Computational Physics},
  volume={3},
  number={4},
  pages={935--949},
  year={2008},
  publisher={Global Science Press. The Journal's web site is located at http://www~…}
}
@article{r1,
  title={Rumor detection over varying time windows},
  author={Kwon, Sejeong and Cha, Meeyoung and Jung, Kyomin},
  journal={PloS one},
  volume={12},
  number={1},
  pages={e0168344},
  year={2017},
  publisher={Public Library of Science}
}
@inproceedings{r2,
  title={Epidemiological modeling of news and rumors on twitter},
  author={Jin, Fang and Dougherty, Edward and Saraf, Parang and Cao, Yang and Ramakrishnan, Naren},
  booktitle={Proceedings of the 7th Workshop on Social Network Mining and Analysis},
  pages={8},
  year={2013},
  organization={ACM}
}
@article{r3,
  title={The process of crisis information dissemination: impacts of the strength of ties in social networks},
  author={Wei, Jiuchang and Bu, Bing and Guo, Xiumei and Gollagher, Margaret},
  journal={Kybernetes},
  volume={43},
  number={2},
  pages={178--191},
  year={2014},
  publisher={Emerald Group Publishing Limited}
}
@inproceedings{r4,
  title={Exploiting the topology property of social network for rumor detection},
  author={Yang, YeKang and Niu, Kai and He, ZhiQiang},
  booktitle={2015 12th International Joint Conference on Computer Science and Software Engineering (JCSSE)},
  pages={41--46},
  year={2015},
  organization={IEEE}
}
